@misc{ wiki:000,
	author = "Wikipedia",
	title = "Ramer–Douglas–Peucker algorithm --- {W}ikipedia{,} The Free Encyclopedia",
	year = "2011",
	url = "\url{http://en.wikipedia.org/wiki/Ramer–Douglas–Peucker_algorithm}",
	note = "[Online; accessed 8-January-2011]"
}
